@article{abrishami2019predicting,
  title={Predicting citation counts based on deep neural network learning techniques},
  author={Abrishami, Ali and Aliakbary, Sadegh},
  journal={Journal of Informetrics},
  volume={13},
  number={2},
  pages={485--499},
  year={2019},
  publisher={Elsevier}
}
@inproceedings{aliakbary2009web,
  title={Web page classification using social tags},
  author={Aliakbary, Sadegh and Abolhassani, Hassan and Rahmani, Hossein and Nobakht, Behrooz},
  booktitle={2009 International Conference on Computational Science and Engineering},
  volume={4},
  pages={588--593},
  year={2009},
  organization={IEEE}
}
@article{aliakbary2015distance,
  title={Distance metric learning for complex networks: Towards size-independent comparison of network structures},
  author={Aliakbary, Sadegh and Motallebi, Sadegh and Rashidian, Sina and Habibi, Jafar and Movaghar, Ali},
  journal={Chaos: An Interdisciplinary Journal of Nonlinear Science},
  volume={25},
  number={2},
  pages={023111},
  year={2015},
  publisher={AIP Publishing LLC}
}
